
% Fabian 2012 review of AGN feedback mechanisms
@ARTICLE{Fabian2012,
   author = {{Fabian}, A.~C.},
    title = "{Observational Evidence of Active Galactic Nuclei Feedback}",
  journal = {\araa},
archivePrefix = "arXiv",
   eprint = {1204.4114},
     year = 2012,
    month = sep,
   volume = 50,
    pages = {455-489},
      doi = {10.1146/annurev-astro-081811-125521},
   adsurl = {http://adsabs.harvard.edu/abs/2012ARA%26A..50..455F},
  adsnote = {Provided by the SAO/NASA Astrophysics Data System}
}


@ARTICLE{Fabian1977,
   author = {{Fabian}, A.~C. and {Nulsen}, P.~E.~J.},
    title = "{Subsonic accretion of cooling gas in clusters of galaxies}",
  journal = {\mnras},
 keywords = {Astronomical Models, Galactic Clusters, Galactic Evolution, Intergalactic Media, Interstellar Gas, Angular Momentum, Gas Temperature, Stellar Mass Accretion, X Ray Sources},
     year = 1977,
    month = aug,
   volume = 180,
    pages = {479-484},
      doi = {10.1093/mnras/180.3.479},
   adsurl = {http://adsabs.harvard.edu/abs/1977MNRAS.180..479F},
  adsnote = {Provided by the SAO/NASA Astrophysics Data System}
}


% McNamara 2012 review of AGN mechanical feedback
@ARTICLE{McNamara2012,
   author = {{McNamara}, B.~R. and {Nulsen}, P.~E.~J.},
    title = "{Mechanical feedback from active galactic nuclei in galaxies, groups and clusters}",
  journal = {New Journal of Physics},
archivePrefix = "arXiv",
   eprint = {1204.0006},
     year = 2012,
    month = may,
   volume = 14,
   number = 5,
      eid = {055023},
    pages = {055023},
      doi = {10.1088/1367-2630/14/5/055023},
   adsurl = {http://adsabs.harvard.edu/abs/2012NJPh...14e5023M},
  adsnote = {Provided by the SAO/NASA Astrophysics Data System}
}


% Fabian 2016 research on filaments in NGC4696
@ARTICLE{Fabian2016,
   author = {{Fabian}, A.~C. and {Walker}, S.~A. and {Russell}, H.~R. and 
	{Pinto}, C. and {Canning}, R.~E.~A. and {Salome}, P. and {Sanders}, J.~S. and 
	{Taylor}, G.~B. and {Zweibel}, E.~G. and {Conselice}, C.~J. and 
	{Combes}, F. and {Crawford}, C.~S. and {Ferland}, G.~J. and 
	{Gallagher}, III, J.~S. and {Hatch}, N.~A. and {Johnstone}, R.~M. and 
	{Reynolds}, C.~S.},
    title = "{HST imaging of the dusty filaments and nucleus swirl in NGC4696 at the centre of the Centaurus Cluster}",
  journal = {\mnras},
archivePrefix = "arXiv",
   eprint = {1606.02436},
 keywords = {black hole physics, galaxies: clusters: individual: NGC4696, galaxies: clusters: intracluster medium, X-rays: galaxies},
     year = 2016,
    month = sep,
   volume = 461,
    pages = {922-928},
      doi = {10.1093/mnras/stw1350},
   adsurl = {http://adsabs.harvard.edu/abs/2016MNRAS.461..922F},
  adsnote = {Provided by the SAO/NASA Astrophysics Data System}
}


% Hudson 2010 cool-core cluster review + research into distinguishability CC and NCC clusters
@ARTICLE{Hudson2010,
   author = {{Hudson}, D.~S. and {Mittal}, R. and {Reiprich}, T.~H. and {Nulsen}, P.~E.~J. and 
	{Andernach}, H. and {Sarazin}, C.~L.},
    title = "{What is a cool-core cluster? a detailed analysis of the cores of the X-ray flux-limited HIFLUGCS cluster sample}",
  journal = {\aap},
archivePrefix = "arXiv",
   eprint = {0911.0409},
 keywords = {intergalactic medium, galaxies: clusters: general},
     year = 2010,
    month = apr,
   volume = 513,
      eid = {A37},
    pages = {A37},
      doi = {10.1051/0004-6361/200912377},
   adsurl = {http://adsabs.harvard.edu/abs/2010A%26A...513A..37H},
  adsnote = {Provided by the SAO/NASA Astrophysics Data System}
}


% Chen 2007 HIFLUGCS research into difference CC and NCC clusters
@ARTICLE{Chen2007,
   author = {{Chen}, Y. and {Reiprich}, T.~H. and {B{\"o}hringer}, H. and 
	{Ikebe}, Y. and {Zhang}, Y.-Y.},
    title = "{Statistics of X-ray observables for the cooling-core and non-cooling core galaxy clusters}",
  journal = {\aap},
   eprint = {astro-ph/0702482},
 keywords = {galaxies: clusters: general, galaxies: intergalactic medium, X-ray: galaxies: clusters},
     year = 2007,
    month = may,
   volume = 466,
    pages = {805-812},
      doi = {10.1051/0004-6361:20066471},
   adsurl = {http://adsabs.harvard.edu/abs/2007A%26A...466..805C},
  adsnote = {Provided by the SAO/NASA Astrophysics Data System}
}


% Sanderson 2006 and 2009 analysis of 20 Chandra observed galaxy clusters and research into difference CC and NCC clusters.
@ARTICLE{Sanderson2006,
   author = {{Sanderson}, A.~J.~R. and {Ponman}, T.~J. and {O'Sullivan}, E.
	},
    title = "{A statistically selected Chandra sample of 20 galaxy clusters - I. Temperature and cooling time profiles}",
  journal = {\mnras},
   eprint = {astro-ph/0608423},
 keywords = {galaxies: clusters: general, intergalactic medium, X-rays: galaxies: clusters},
     year = 2006,
    month = nov,
   volume = 372,
    pages = {1496-1508},
      doi = {10.1111/j.1365-2966.2006.10956.x},
   adsurl = {http://adsabs.harvard.edu/abs/2006MNRAS.372.1496S},
  adsnote = {Provided by the SAO/NASA Astrophysics Data System}
}
@ARTICLE{Sanderson2009,
   author = {{Sanderson}, A.~J.~R. and {O'Sullivan}, E. and {Ponman}, T.~J.
	},
    title = "{A statistically selected Chandra sample of 20 galaxy clusters - II. Gas properties and cool core/non-cool core bimodality}",
  journal = {\mnras},
archivePrefix = "arXiv",
   eprint = {0902.1747},
 primaryClass = "astro-ph.CO",
 keywords = {conduction , galaxies: clusters: general , cooling flows , X-rays: galaxies: clusters},
     year = 2009,
    month = may,
   volume = 395,
    pages = {764-776},
      doi = {10.1111/j.1365-2966.2009.14613.x},
   adsurl = {http://adsabs.harvard.edu/abs/2009MNRAS.395..764S},
  adsnote = {Provided by the SAO/NASA Astrophysics Data System}
}



% Makishima 2001 report on discrepancies between classical computations of mass deposition rates in CC clusters via density determinations compared to spectral determinations
@ARTICLE{Makishima2001,
   author = {{Makishima}, K. and {Ezawa}, H. and {Fukuzawa}, Y. and {Honda}, H. and 
	{Ikebe}, Y. and {Kamae}, T. and {Kikuchi}, K. and {Matsushita}, K. and 
	{Nakazawa}, K. and {Ohashi}, T. and {Takahashi}, T. and {Tamura}, T. and 
	{Xu}, H.},
    title = "{X-Ray Probing of the Central Regions of Clusters of Galaxies}",
  journal = {\pasj},
   eprint = {astro-ph/0104079},
 keywords = {GALAXIES: CLUSTERS: GENERAL, ISM: ABUNDANCES, PLASMAS, X-RAYS: GALAXIES: CLUSTERS, X-RAYS: ISM},
     year = 2001,
    month = jun,
   volume = 53,
    pages = {401-420},
      doi = {10.1093/pasj/53.3.401},
   adsurl = {http://adsabs.harvard.edu/abs/2001PASJ...53..401M},
  adsnote = {Provided by the SAO/NASA Astrophysics Data System}
}


% Research papers suggesting mechanical feedback via bubbling action of AGN jet
@ARTICLE{Dunn2006,
   author = {{Dunn}, R.~J.~H. and {Fabian}, A.~C.},
    title = "{Investigating AGN heating in a sample of nearby clusters}",
  journal = {\mnras},
   eprint = {astro-ph/0609537},
 keywords = {galaxies: clusters: general, cooling flows, X-rays: galaxies: clusters},
     year = 2006,
    month = dec,
   volume = 373,
    pages = {959-971},
      doi = {10.1111/j.1365-2966.2006.11080.x},
   adsurl = {http://adsabs.harvard.edu/abs/2006MNRAS.373..959D},
  adsnote = {Provided by the SAO/NASA Astrophysics Data System}
}
@ARTICLE{Birzan2004,
   author = {{B{\^i}rzan}, L. and {Rafferty}, D.~A. and {McNamara}, B.~R. and 
	{Wise}, M.~W. and {Nulsen}, P.~E.~J.},
    title = "{A Systematic Study of Radio-induced X-Ray Cavities in Clusters, Groups, and Galaxies}",
  journal = {\apj},
   eprint = {astro-ph/0402348},
 keywords = {Galaxies: Active, Galaxies: Clusters: General, X-Rays: Galaxies, X-Rays: Galaxies: Clusters},
     year = 2004,
    month = jun,
   volume = 607,
    pages = {800-809},
      doi = {10.1086/383519},
   adsurl = {http://adsabs.harvard.edu/abs/2004ApJ...607..800B},
  adsnote = {Provided by the SAO/NASA Astrophysics Data System}
}


% Silk and Rees 1998 paper proposing that quasars radiating at the Eddington limit, can prevent accretion into a galaxy at maximum possible rate for specific black hole mass
@ARTICLE{Silk1998,
   author = {{Silk}, J. and {Rees}, M.~J.},
    title = "{Quasars and galaxy formation}",
  journal = {\aap},
   eprint = {astro-ph/9801013},
 keywords = {GALAXY FORMATION: SUPERMASSIVE BLACK HOLES, QUASARS: OUTFLOWS},
     year = 1998,
    month = mar,
   volume = 331,
    pages = {L1-L4},
   adsurl = {http://adsabs.harvard.edu/abs/1998A%26A...331L...1S},
  adsnote = {Provided by the SAO/NASA Astrophysics Data System}
}








